@article{Weinberg:1975gm,
      author         = "Weinberg, Steven",
      title          = "{Implications of Dynamical Symmetry Breaking}",
      journal        = "Phys. Rev.",
      volume         = "D13",
      year           = "1976",
      pages          = "974-996",
      doi            = "10.1103/PhysRevD.13.974",
      reportNumber   = "PRINT-75-0804 (HARVARD)",
      SLACcitation   = "%%CITATION = PHRVA,D13,974;%%"
}

@article{Gildener:1976ai,
      author         = "Gildener, Eldad",
      title          = "{Gauge Symmetry Hierarchies}",
      journal        = "Phys. Rev.",
      volume         = "D14",
      year           = "1976",
      pages          = "1667",
      doi            = "10.1103/PhysRevD.14.1667",
      reportNumber   = "Print-76-0529 (HARVARD)",
      SLACcitation   = "%%CITATION = PHRVA,D14,1667;%%"
}

@article{Weinberg:1979bn,
      author         = "Weinberg, Steven",
      title          = "{Implications of Dynamical Symmetry Breaking: An
                        Addendum}",
      journal        = "Phys. Rev.",
      volume         = "D19",
      year           = "1979",
      pages          = "1277-1280",
      doi            = "10.1103/PhysRevD.19.1277",
      SLACcitation   = "%%CITATION = PHRVA,D19,1277;%%"
}

@article{Susskind:1978ms,
      author         = "Susskind, Leonard",
      title          = "{Dynamics of Spontaneous Symmetry Breaking in the
                        Weinberg-Salam Theory}",
      journal        = "Phys. Rev.",
      volume         = "D20",
      year           = "1979",
      pages          = "2619-2625",
      doi            = "10.1103/PhysRevD.20.2619",
      reportNumber   = "SLAC-PUB-2142",
      SLACcitation   = "%%CITATION = PHRVA,D20,2619;%%"
}

@article{PhysRevD.24.1681,
  title = {Supersymmetry and the scale of unification},
  author = {Dimopoulos, S. and Raby, S. and Wilczek, Frank},
  journal = {Phys. Rev. D},
  volume = {24},
  issue = {6},
  pages = {1681--1683},
  numpages = {0},
  year = {1981},
  month = {Sep},
  publisher = {American Physical Society},
  doi = {10.1103/PhysRevD.24.1681},
  url = {http://link.aps.org/doi/10.1103/PhysRevD.24.1681}
}

@article{IBANEZ1981439,
title = "Low-energy predictions in supersymmetric grand unified theories",
journal = "Physics Letters B",
volume = "105",
number = "6",
pages = "439 - 442",
year = "1981",
note = "",
issn = "0370-2693",
doi = "http://dx.doi.org/10.1016/0370-2693(81)91200-4",
url = "http://www.sciencedirect.com/science/article/pii/0370269381912004",
author = "L.E. Ibáñez and G.G. Ross",

}

@article{DIMOPOULOS1981150,
title = "Softly broken supersymmetry and SU(5)",
journal = "Nuclear Physics B",
volume = "193",
number = "1",
pages = "150 - 162",
year = "1981",
note = "",
issn = "0550-3213",
doi = "http://dx.doi.org/10.1016/0550-3213(81)90522-8",
url = "http://www.sciencedirect.com/science/article/pii/0550321381905228",
author = "Savas Dimopoulos and Howard Georgi",

}

@article{FAYET1976159,
title = "Supersymmetry and weak, electromagnetic and strong interactions",
journal = "Physics Letters B",
volume = "64",
number = "2",
pages = "159 - 162",
year = "1976",
note = "",
issn = "0370-2693",
doi = "http://dx.doi.org/10.1016/0370-2693(76)90319-1",
url = "http://www.sciencedirect.com/science/article/pii/0370269376903191",
author = "P. Fayet",

}


@article{FAYET1977489,
title = "Spontaneously broken supersymmetric theories of weak, electromagnetic and strong interactions",
journal = "Physics Letters B",
volume = "69",
number = "4",
pages = "489 - 494",
year = "1977",
note = "",
issn = "0370-2693",
doi = "http://dx.doi.org/10.1016/0370-2693(77)90852-8",
url = "http://www.sciencedirect.com/science/article/pii/0370269377908528",
author = "P. Fayet",

}

@article{FARRAR1978575,
title = "Phenomenology of the production, decay, and detection of new hadronic states associated with supersymmetry",
journal = "Physics Letters B",
volume = "76",
number = "5",
pages = "575 - 579",
year = "1978",
note = "",
issn = "0370-2693",
doi = "http://dx.doi.org/10.1016/0370-2693(78)90858-4",
url = "http://www.sciencedirect.com/science/article/pii/0370269378908584",
author = "Glennys R. Farrar and Pierre Fayet",

}


@article{PhysRevLett.50.1419,
  title = {Constraint on the Photino Mass from Cosmology},
  author = {Goldberg, H.},
  journal = {Phys. Rev. Lett.},
  volume = {50},
  issue = {19},
  pages = {1419--1422},
  numpages = {0},
  year = {1983},
  month = {May},
  publisher = {American Physical Society},
  doi = {10.1103/PhysRevLett.50.1419},
  url = {http://link.aps.org/doi/10.1103/PhysRevLett.50.1419}
}

@article{ELLIS1984453,
title = "Supersymmetric relics from the big bang",
journal = "Nuclear Physics B",
volume = "238",
number = "2",
pages = "453 - 476",
year = "1984",
note = "",
issn = "0550-3213",
doi = "http://dx.doi.org/10.1016/0550-3213(84)90461-9",
url = "http://www.sciencedirect.com/science/article/pii/0550321384904619",
author = "John Ellis and J.S. Hagelin and D.V. Nanopoulos and K. Olive and M. Srednicki",

}

@Article{Beenakker:1997ut,
     author    = "Beenakker, W. and others",
     title     = "Stop production at hadron colliders",
     journal   = "Nucl. Phys.",
     volume    = "B 515",
     year      = "1998",
     pages     = "3-14",
     doi = "10.1016/S0550-3213(98)00014-5",

} 

@article{Beenakker:2010nq,
      xauthor         = "Beenakker, Wim and Brensing, Silja and Kramer, Michael
                        and Kulesza, Anna and Laenen, Eric and others",
      author         = "Beenakker, Wim and others",
      title          = "{Supersymmetric top and bottom squark production at
                        hadron colliders}",
      journal        = "JHEP",
      volume         = "08",
      xpages          = "098-(1-25)",
      pages          = "098",
      doi            = "10.1007/JHEP08(2010)098",
      year           = "2010",
      eprint         = "1006.4771",
      archivePrefix  = "arXiv",
      primaryClass   = "hep-ph",
      reportNumber   = "CERN-PH-TH-2010-142, ITFA-2010-015, ITP-UU-10-17,
                        NIKHEF-2010-016, TTK-10-33",
      SLACcitation   = "%%CITATION = ARXIV:1006.4771;%%",
}


@article{Beenakker:2011fu,
      author         = "Beenakker, W. and others",
      title          = "{Squark and gluino hadroproduction}",
      journal        = "Int. J. Mod. Phys.",
      volume         = "A 26",
      pages          = "2637-2664",
      doi            = "10.1142/S0217751X11053560",
      year           = "2011",
      reportNumber   = "DESY-11-060, ITFA-11-09, ITP-UU-11-13, NIKHEF-2011-011,
                        TTK-11-12",

}

@article{Kramer:2012bx,
      author         = "Kramer, Michael and Kulesza, Anna and van der Leeuw,
                        Robin and Mangano, Michelangelo and Padhi, Sanjay and
                        others",
      title          = "{Supersymmetry production cross sections in pp collisions
                        at $\sqrt{s} = 7$~TeV}",
      year           = "2012",
      eprint         = "1206.2892",
      archivePrefix  = "arXiv",
      primaryClass   = "hep-ph",
      reportNumber   = "CERN-PH-TH-2012-163",
      SLACcitation   = "%%CITATION = ARXIV:1206.2892;%%",
}

@article{Abercrombie:2015wmb,
      author         = "Abercrombie, Daniel and others",
      editor         = "Boveia, Antonio and Doglioni, Caterina and Lowette,
                        Steven and Malik, Sarah and Mrenna, Stephen",
      title          = "{Dark Matter Benchmark Models for Early LHC Run-2
                        Searches: Report of the ATLAS/CMS Dark Matter Forum}",
      year           = "2015",
      eprint         = "1507.00966",
      archivePrefix  = "arXiv",
      primaryClass   = "hep-ex",
      reportNumber   = "FERMILAB-PUB-15-282-CD",
      SLACcitation   = "%%CITATION = ARXIV:1507.00966;%%"
}

@article{Atlas7TeV,
      author         = "{ATLAS Collaboration}",
      title          = "{Search for a supersymmetric partner to the top quark in
                        final states with jets and missing transverse momentum at
                        $\sqrt{s}=7$ TeV with the ATLAS detector}",
      journal        = "Phys. Rev. Lett.",
      volume         = "109",
      year           = "2012",
      pages          = "211802",
      doi            = "10.1103/PhysRevLett.109.211802",
      eprint         = "1208.1447",
      archivePrefix  = "arXiv",
      primaryClass   = "hep-ex",
      reportNumber   = "CERN-PH-EP-2012-201",
      SLACcitation   = "%%CITATION = ARXIV:1208.1447;%%"
}

@article{Atlas8TeV,
      author         = "{ATLAS Collaboration}",
      title          = "{Search for direct pair production of the top squark in
                        all-hadronic final states in proton-proton collisions at
                        $\sqrt{s}=8$ TeV with the ATLAS detector}",
      journal        = "JHEP",
      volume         = "09",
      year           = "2014",
      pages          = "015",
      doi            = "10.1007/JHEP09(2014)015",
      eprint         = "1406.1122",
      archivePrefix  = "arXiv",
      primaryClass   = "hep-ex",
      reportNumber   = "CERN-PH-EP-2014-112",
      SLACcitation   = "%%CITATION = ARXIV:1406.1122;%%"
}


@article{CMS7TeVa,
      author         = "{CMS Collaboration}",
      title          = "{Inclusive search for supersymmetry using the razor
                        variables in $pp$ collisions at $\sqrt{s}=7$ TeV}",
      journal        = "Phys. Rev. Lett.",
      volume         = "111",
      year           = "2013",
      number         = "8",
      pages          = "081802",
      doi            = "10.1103/PhysRevLett.111.081802",
      eprint         = "1212.6961",
      archivePrefix  = "arXiv",
      primaryClass   = "hep-ex",
      reportNumber   = "CMS-SUS-11-024, CERN-PH-EP-2012-332",
      SLACcitation   = "%%CITATION = ARXIV:1212.6961;%%"
}


@article{CMS7TeVb,
      author         = "{CMS Collaboration}",
      title          = "{Search for supersymmetry in final states with missing
                        transverse energy and 0, 1, 2, or at least 3 b-quark jets
                        in 7 TeV pp collisions using the variable alphaT}",
      journal        = "JHEP",
      volume         = "01",
      year           = "2013",
      pages          = "077",
      doi            = "10.1007/JHEP01(2013)077",
      eprint         = "1210.8115",
      archivePrefix  = "arXiv",
      primaryClass   = "hep-ex",
      reportNumber   = "CMS-SUS-11-022, CERN-PH-EP-2012-290",
      SLACcitation   = "%%CITATION = ARXIV:1210.8115;%%"
}

@article{CMS8TeV,
      author         = "{CMS Collaboration}",
      title          = "{Search for supersymmetry in hadronic final states with
                        missing transverse energy using the variables $\alpha_T$
                        and b-quark multiplicity in $pp$ collisions at $\sqrt s=8$
                        TeV}",
      journal        = "Eur. Phys. J.",
      volume         = "C73",
      year           = "2013",
      number         = "9",
      pages          = "2568",
      doi            = "10.1140/epjc/s10052-013-2568-6",
      eprint         = "1303.2985",
      archivePrefix  = "arXiv",
      primaryClass   = "hep-ex",
      reportNumber   = "CMS-SUS-12-028, CERN-PH-EP-2013-037",
      SLACcitation   = "%%CITATION = ARXIV:1303.2985;%%"
}


@article{CMS13TeV,
      author         = "{CMS Collaboration}",
      title          = "{Search for new physics with the MT2 variable in all-jets
                        final states produced in pp collisions at sqrt(s) = 13
                        TeV}",
      year           = "2016",
      eprint         = "1603.04053",
      archivePrefix  = "arXiv",
      primaryClass   = "hep-ex",
      reportNumber   = "CMS-SUS-15-003, CERN-EP-2016-067",
      SLACcitation   = "%%CITATION = ARXIV:1603.04053;%%"
}

@Article{DetectorPaper:2008,
  collaboration  = "ATLAS",
      title     = "{The ATLAS Experiment at the CERN Large Hadron Collider}",
      journal   = "JINST",
      volume    = "3",
      year      = "2008",
      pages     = "S08003",
      doi       = "10.1088/1748-0221/3/08/S08003",
}

@techreport{IBL,
      author        = "Capeans, M and Darbo, G and Einsweiller, K and Elsing, M
                       and Flick, T and Garcia-Sciveres, M and Gemme, C and
                       Pernegger, H and Rohne, O and Vuillermet, R",
      title         = "{ATLAS Insertable B-Layer Technical Design Report}",
      institution   = "CERN",
      address       = "Geneva",
      number        = "CERN-LHCC-2010-013. ATLAS-TDR-19",
      month         = "Sep",
      year          = "2010",
      reportNumber  = "CERN-LHCC-2010-013",
      url           = "https://cds.cern.ch/record/1291633",
}

@article{darkmatter,
      author         = "Buckley, Matthew R. and Feld, David and Goncalves,
                        Dorival",
      title          = "{Scalar Simplified Models for Dark Matter}",
      journal        = "Phys. Rev.",
      volume         = "D91",
      year           = "2015",
      pages          = "015017",
      doi            = "10.1103/PhysRevD.91.015017",
      eprint         = "1410.6497",
      archivePrefix  = "arXiv",
      primaryClass   = "hep-ph",
      reportNumber   = "IPPP-14-92, DCPT-14-184",
      SLACcitation   = "%%CITATION = ARXIV:1410.6497;%%"
}


@article{madgraph,
      author         = "Alwall, J. and Frederix, R. and Frixione, S. and Hirschi,
                        V. and Maltoni, F. and Mattelaer, O. and Shao, H. -S. and
                        Stelzer, T. and Torrielli, P. and Zaro, M.",
      title          = "{The automated computation of tree-level and
                        next-to-leading order differential cross sections, and
                        their matching to parton shower simulations}",
      journal        = "JHEP",
      volume         = "07",
      year           = "2014",
      pages          = "079",
      doi            = "10.1007/JHEP07(2014)079",
      eprint         = "1405.0301",
      archivePrefix  = "arXiv",
      primaryClass   = "hep-ph",
      reportNumber   = "CERN-PH-TH-2014-064, CP3-14-18, LPN14-066, MCNET-14-09,
                        ZU-TH-14-14",
      SLACcitation   = "%%CITATION = ARXIV:1405.0301;%%"
}

@article{aMCatNLO,
      author         = "Frixione, Stefano and Webber, Bryan R.",
      title          = "{Matching NLO QCD computations and parton shower
                        simulations}",
      journal        = "JHEP",
      volume         = "06",
      year           = "2002",
      pages          = "029",
      doi            = "10.1088/1126-6708/2002/06/029",
      eprint         = "hep-ph/0204244",
      archivePrefix  = "arXiv",
      primaryClass   = "hep-ph",
      reportNumber   = "CAVENDISH-HEP-02-01, LAPTH-905-02, GEF-TH-2-2002",
      SLACcitation   = "%%CITATION = HEP-PH/0204244;%%"
}


@article{pythia8,
      author         = "Sjostrand, Torbjorn and Mrenna, Stephen and Skands, Peter
                        Z.",
      title          = "{A Brief Introduction to PYTHIA 8.1}",
      journal        = "Comput. Phys. Commun.",
      volume         = "178",
      year           = "2008",
      pages          = "852-867",
      doi            = "10.1016/j.cpc.2008.01.036",
      eprint         = "0710.3820",
      archivePrefix  = "arXiv",
      primaryClass   = "hep-ph",
      reportNumber   = "CERN-LCGAPP-2007-04, LU-TP-07-28,
                        FERMILAB-PUB-07-512-CD-T",
      SLACcitation   = "%%CITATION = ARXIV:0710.3820;%%"
}

@article{evtGen,
	title = "The EvtGen particle decay simulation package ",
	journal = "Nuclear Instruments and Methods in Physics Research Section A: Accelerators, Spectrometers, Detectors and Associated Equipment ",
	volume = "462",
	number = "1–2",
	pages = "152 - 155",
	year = "2001",
	note = "BEAUTY2000, Proceedings of the 7th Int. Conf. on B-Physics at Hadron Machines ",
	issn = "0168-9002",
	doi = "http://dx.doi.org/10.1016/S0168-9002(01)00089-4",
	url = "http://www.sciencedirect.com/science/article/pii/S0168900201000894",
	author = "David J. Lange",
}

@techreport{UEtune,
      title         = "{ATLAS Run 1 Pythia8 tunes}",
      institution   = "CERN",
      address       = "Geneva",
      number        = "ATL-PHYS-PUB-2014-021",
      month         = "Nov",
      year          = "2014",
      reportNumber  = "ATL-PHYS-PUB-2014-021",
      url           = "https://cds.cern.ch/record/1966419",
}



@article{CKKW,
     author         = "L{\"o}nnblad, Leif and Prestel, Stefan",
      title          = "{Merging Multi-leg NLO Matrix Elements with Parton
                        Showers}",
      journal        = "JHEP",
      volume         = "03",
      year           = "2013",
      pages          = "166",
      doi            = "10.1007/JHEP03(2013)166",
      eprint         = "1211.7278",
      archivePrefix  = "arXiv",
      primaryClass   = "hep-ph",
      reportNumber   = "MCNET-12-17, LU-TP-12-43",
      SLACcitation   = "%%CITATION = ARXIV:1211.7278;%%"
}


@article{powheg-box,
     author         = "Alioli, Simone and Nason, Paolo and Oleari, Carlo and Re,
                        Emanuele",
      title          = "{A general framework for implementing NLO calculations in
                        shower Monte Carlo programs: the POWHEG BOX}",
      journal        = "JHEP",
      volume         = "06",
      pages          = "043",
      doi            = "10.1007/JHEP06(2010)043",
      year           = "2010",
      eprint         = "1002.2581",
      archivePrefix  = "arXiv",
      primaryClass   = "hep-ph",
}

@Article{pythia6,
     author    = "{T. Sj\"ostrand, S. Mrenna and P. Skands}",
     title     = "{PYTHIA 6.4 Physics and Manual}",
     journal   = "JHEP",
     volume    = "05",
     year      = "2006",
     pages     = "026",
     eprint    = "hep-ph/0603175",
     archivePrefix = "arXiv",
     doi       = "10.1088/1126-6708/2006/05/026",
     SLACcitation  = "%%CITATION = HEP-PH/0603175;%%"
}
	

@article{Perugia2012,
      author         = "Skands, Peter Zeiler",
      title          = "{Tuning Monte Carlo Generators: The Perugia Tunes}",
      journal        = "Phys. Rev.",
      volume         = "D82",
      year           = "2010",
      pages          = "074018",
      doi            = "10.1103/PhysRevD.82.074018",
      eprint         = "1005.3457",
      archivePrefix  = "arXiv",
      primaryClass   = "hep-ph",
      reportNumber   = "MCNET-10-08, CERN-PH-TH-2010-113",
      SLACcitation   = "%%CITATION = ARXIV:1005.3457;%%"
}


@article{sherpa,
      author         = "Gleisberg, T. and others",
      title          = "{Event generation with SHERPA 1.1}",
      journal        = "JHEP",
      volume         = "02",
      pages          = "007",
      doi            = "10.1088/1126-6708/2009/02/007",
      year           = "2009",
      eprint         = "0811.4622",
      archivePrefix  = "arXiv",
      primaryClass   = "hep-ph",
}

@article{PDFs,
      author         = "Ball, Richard D. and others",
      title          = "{Parton distributions with LHC data}",
      journal        = "Nucl. Phys. B",
      volume         = "867",
      year           = "2013",
      pages          = "244-289",
      doi            = "10.1016/j.nuclphysb.2012.10.003",
      eprint         = "1207.1303",
      archivePrefix  = "arXiv",
      primaryClass   = "hep-ph",
      reportNumber   = "EDINBURGH-2012-08, IFUM-FT-997, FR-PHENO-2012-014,
                        RWTH-TTK-12-25, CERN-PH-TH-2012-037, SFB-CPP-12-47,
                        --CERN-PH-TH-2012-037",
      SLACcitation   = "%%CITATION = ARXIV:1207.1303;%%"
}     	

@article{CT10,
      author         = "Lai, Hung-Liang and Guzzi, Marco and Huston, Joey and Li,
                        Zhao and Nadolsky, Pavel M. and Pumplin, Jon and Yuan, C.
                        -P.",
      title          = "{New parton distributions for collider physics}",
      journal        = "Phys. Rev.",
      volume         = "D82",
      year           = "2010",
      pages          = "074024",
      doi            = "10.1103/PhysRevD.82.074024",
      eprint         = "1007.2241",
      archivePrefix  = "arXiv",
      primaryClass   = "hep-ph",
      reportNumber   = "MSUHEP-100707, SMU-HEP-10-10",
      SLACcitation   = "%%CITATION = ARXIV:1007.2241;%%"
}


@techreport{Vjets,
      author        = "Hesketh, Gavin Grant and Thompson, Paul and Mcfayden,
                       Joshua Angus and Gutierrez Ortiz, Nicolas Gilberto and
                       Amoroso, Simone and Berlendis, Simon Paul and Siegert,
                       Frank and D'Onofrio, Monica and Anders, John Kenneth and
                       Blumenschein, Ulrike and Giuli, Francesco",
      title         = "{Monte Carlo Generators for the Production of a $W$ or
                       $Z/\gamma^*$ Boson in Association with Jets at ATLAS in Run
                       2}",
      institution   = "CERN",
      address       = "Geneva",
      number        = "ATL-PHYS-PUB-2016-003",
      month         = "Jan",
      year          = "2016",
      reportNumber  = "ATL-PHYS-PUB-2016-003",
      url           = "https://cds.cern.ch/record/2120133",
}


@techreport{multibosons,
      author        = "Gutschow, Christian and Pleier, Marc-Andre and Siegert,
                       Frank and Abraham, Nicola and Melzer, Alexander and Liu,
                       Yanwen and Johnson, Christian and Meyer, Jochen and
                       D'Onofrio, Monica and Francavilla, Paolo and Hayden, Daniel
                       and Pandini, Carlo Enrico and Poveda, Joaquin and Shehu,
                       Ciwake Yusufu and Suruliz, Kerim",
      title         = "{Multi-Boson Simulation for 13 TeV ATLAS Analyses}",
      institution   = "CERN",
      address       = "Geneva",
      number        = "ATL-PHYS-PUB-2016-002",
      month         = "Jan",
      year          = "2016",
      reportNumber  = "ATL-PHYS-PUB-2016-002",
      url           = "https://cds.cern.ch/record/2119986",
}


@techreport{top,
      author        = "Nachman, Benjamin Philip and Knue, Andrea",
      title         = "{Simulation of top quark production for the ATLAS
                       experiment at sqrt(s) = 13 TeV}",
      institution   = "CERN",
      address       = "Geneva",
      number        = "ATL-PHYS-PUB-2016-004",
      month         = "Jan",
      year          = "2016",
      reportNumber  = "ATL-PHYS-PUB-2016-004",
      url           = "https://cds.cern.ch/record/2120417",
}


@techreport{ttV,
      author        = "Mcfayden, Josh and Moreno Llacer, Maria and Narayan, Rohin
                       and Anders, John Kenneth and Berlendis, Simon and
                       D'Onofrio, Monica and Gerbaudo, Davide and Lehmann,
                       Konstantin and Mantoani, Matteo and Onyisi, Peter and
                       Poveda, Joaquin and Redlinger, George and Shapiro,
                       Marjorie",
      title         = "{Modelling of the $t\bar{t}H$ and $t\bar{t}V$ $(V=W,Z)$
                       processes for $\sqrt{s}=13$ TeV ATLAS analyses}",
      institution   = "CERN",
      address       = "Geneva",
      number        = "ATL-PHYS-PUB-2016-005",
      month         = "Jan",
      year          = "2016",
      reportNumber  = "ATL-PHYS-PUB-2016-005",
      url           = "https://cds.cern.ch/record/2120826",
}


@techreport{MC15val,
      author        = "Moreno Llacer, Maria and Serkin, Leonid",
      title         = "{Validation of Monte Carlo event generators in the ATLAS
                       Collaboration for LHC Run 2}",
      institution   = "CERN",
      address       = "Geneva",
      number        = "ATL-PHYS-PUB-2016-001",
      month         = "Jan",
      year          = "2016",
      reportNumber  = "ATL-PHYS-PUB-2016-001",
      url           = "https://cds.cern.ch/record/2119984",
}


@article{ATLdetSim,
      author         = "{ATLAS Collaboration}",	
      title          = "{The ATLAS Simulation Infrastructure}",
      journal        = "Eur. Phys. J.",
      volume         = "C70",
      year           = "2010",
      pages          = "823-874",
      doi            = "10.1140/epjc/s10052-010-1429-9",
      eprint         = "1005.4568",
      archivePrefix  = "arXiv",
      primaryClass   = "physics.ins-det",
      SLACcitation   = "%%CITATION = ARXIV:1005.4568;%%"
}


@article{GEANT,
      author         = "Agostinelli, S. and others",
      title          = "{GEANT4: A Simulation toolkit}",
      collaboration  = "GEANT4",
      journal        = "Nucl. Instrum. Meth.",
      volume         = "A506",
      year           = "2003",
      pages          = "250-303",
      doi            = "10.1016/S0168-9002(03)01368-8",
      reportNumber   = "SLAC-PUB-9350, FERMILAB-PUB-03-339",
      SLACcitation   = "%%CITATION = NUIMA,A506,250;%%"
}

@techreport{fastSim,
      author        = "{ATLAS Collaboration}",
      title         = "{The simulation principle and performance of the ATLAS
                       fast calorimeter simulation FastCaloSim}",
      institution   = "CERN",
      address       = "Geneva",
      number        = "ATL-PHYS-PUB-2010-013",
      month         = "Oct",
      year          = "2010",
      reportNumber  = "ATL-PHYS-PUB-2010-013",
      url           = "https://cds.cern.ch/record/1300517",
}


@techreport{vertexReco,
      title         = "{Vertex Reconstruction Performance of the ATLAS Detector
                       at $\sqrt{s} = 13~\textrm{TeV}$}",
      institution   = "CERN",
      address       = "Geneva",
      number        = "ATL-PHYS-PUB-2015-026",
      month         = "Jul",
      year          = "2015",
      reportNumber  = "ATL-PHYS-PUB-2015-026",
      url           = "https://cds.cern.ch/record/2037717",
}

@techreport{caloClusters,
      author        = "Lampl, W and Laplace, S and Lelas, D and Loch, P and Ma, H
                       and Menke, S and Rajagopalan, S and Rousseau, D and Snyder,
                       S and Unal, G",
      title         = "{Calorimeter Clustering Algorithms: Description and
                       Performance}",
      institution   = "CERN",
      address       = "Geneva",
      number        = "ATL-LARG-PUB-2008-002. ATL-COM-LARG-2008-003",
      month         = "Apr",
      year          = "2008",
      reportNumber  = "ATL-LARG-PUB-2008-002",
      url           = "https://cds.cern.ch/record/1099735",
}


@article{antikt,
      author         = "Cacciari, Matteo and Salam, Gavin P. and Soyez, Gregory",
      title          = "{The Anti-k(t) jet clustering algorithm}",
      journal        = "JHEP",
      volume         = "04",
      year           = "2008",
      pages          = "063",
      doi            = "10.1088/1126-6708/2008/04/063",
      eprint         = "0802.1189",
      archivePrefix  = "arXiv",
      primaryClass   = "hep-ph",
      reportNumber   = "LPTHE-07-03",
      SLACcitation   = "%%CITATION = ARXIV:0802.1189;%%"
}


@techreport{jetsCalibrated,
      author        = "{ATLAS Collaboration}",
      title         = "{Jet Calibration and Systematic Uncertainties for Jets
                       Reconstructed in the ATLAS Detector at $\sqrt{s}=13$ TeV}",
      institution   = "CERN",
      address       = "Geneva",
      number        = "ATL-PHYS-PUB-2015-015",
      month         = "Jul",
      year          = "2015",
      reportNumber  = "ATL-PHYS-PUB-2015-015",
      url           = "https://cds.cern.ch/record/2037613",
}


@article{pileupSub,
      author         = "Cacciari, Matteo and Salam, Gavin P.",
      title          = "{Pileup subtraction using jet areas}",
      journal        = "Phys. Lett.",
      volume         = "B659",
      year           = "2008",
      pages          = "119-126",
      doi            = "10.1016/j.physletb.2007.09.077",
      eprint         = "0707.1378",
      archivePrefix  = "arXiv",
      primaryClass   = "hep-ph",
      reportNumber   = "LPTHE-07-01",
      SLACcitation   = "%%CITATION = ARXIV:0707.1378;%%"
}

@techreport{jetTagger,
      author        = "{ATLAS Collaboration}",
      title         = "{Tagging and suppression of pileup jets with the ATLAS
                       detector}",
      institution   = "CERN",
      address       = "Geneva",
      number        = "ATLAS-CONF-2014-018",
      month         = "May",
      year          = "2014",
      reportNumber  = "ATLAS-CONF-2014-018",
      url           = "https://cds.cern.ch/record/1700870",
}


@techreport{jetCleaning,
      author        = "{ATLAS Collaboration}",
      title         = "{Selection of jets produced in 13TeV proton-proton
                       collisions with the ATLAS detector}",
      institution   = "CERN",
      address       = "Geneva",
      number        = "ATLAS-CONF-2015-029",
      month         = "Jul",
      year          = "2015",
      reportNumber  = "ATLAS-CONF-2015-029",
      url           = "https://cds.cern.ch/record/2037702",
}

@techreport{btagging,
      author        = "{ATLAS Collaboration}",
      title         = "{Commissioning of the ATLAS $b$-tagging algorithms using
                       $t\bar{t}$ events in early Run-2 data}",
      institution   = "CERN",
      address       = "Geneva",
      number        = "ATL-PHYS-PUB-2015-039",
      month         = "Aug",
      year          = "2015",
      reportNumber  = "ATL-PHYS-PUB-2015-039",
      url           = "https://cds.cern.ch/record/2047871",
}

@techreport{ATL-PHYS-PUB-2014-014,
      author        = "{ATLAS Collaboration}",
      title         = "{b-tagging in dense environments}",
      institution   = "CERN",
      address       = "Geneva",
      number        = "ATL-PHYS-PUB-2014-014",
      month         = "Aug",
      year          = "2014",
      reportNumber  = "ATL-PHYS-PUB-2014-014",
      url           = "https://cds.cern.ch/record/1750682",
}

@techreport{MV10c,
      author        = "{ATLAS Collaboration}",
      title         = "{Optimisation of the ATLAS $b$-tagging performance for the
                       2016 LHC Run}",
      institution   = "CERN",
      address       = "Geneva",
      number        = "ATL-PHYS-PUB-2016-012",
      month         = "Jun",
      year          = "2016",
      reportNumber  = "ATL-PHYS-PUB-2016-012",
      url           = "https://cds.cern.ch/record/2160731",
}

@techreport{met,
      author         = "{ATLAS Collaboration}",
      title         = "{Performance of Missing Transverse Momentum Reconstruction
                       in ATLAS studied in Proton-Proton Collisions recorded in
                       2012 at 8 TeV}",
      institution   = "CERN",
      address       = "Geneva",
      number        = "ATLAS-CONF-2013-082",
      month         = "Aug",
      year          = "2013",
      reportNumber  = "ATLAS-CONF-2013-082",
      url           = "https://cds.cern.ch/record/1570993",
}


@article{jetSmearing,
      author         = "{ATLAS Collaboration}",
      title          = "{Search for squarks and gluinos with the ATLAS detector
                        in final states with jets and missing transverse momentum
                        using 4.7 fb$^{-1}$ of $\sqrt{s}=7$ TeV proton-proton
                        collision data}",
      journal        = "Phys. Rev.",
      volume         = "D87",
      year           = "2013",
      number         = "1",
      pages          = "012008",
      doi            = "10.1103/PhysRevD.87.012008",
      eprint         = "1208.0949",
      archivePrefix  = "arXiv",
      primaryClass   = "hep-ex",
      reportNumber   = "CERN-PH-EP-2012-195",
      SLACcitation   = "%%CITATION = ARXIV:1208.0949;%%"
}

@Article{PERF-2015-10,
    author         = "{ATLAS Collaboration}",
    title          = "{Muon reconstruction performance of the ATLAS detector in proton--proton collision data at $\sqrt{s} = 13\;\mbox{TeV}$}",
    year           = "2016",
    reportNumber   = "CERN-EP-2016-033",
    eprint         = "1603.05598",
    archivePrefix  = "arXiv",
    primaryClass   = "hep-ex",
    addendum       = "PERF-2015-10",
}

@article{RJR_ISR,
      author         = "Jackson, Paul and Rogan, Christopher and
Santoni, Marco",
      title          = "{Sparticles in Motion - getting to the line in
compressed
                        scenarios with the Recursive Jigsaw Reconstruction}",
      year           = "2016",
      eprint         = "1607.08307",
      archivePrefix  = "arXiv",
      primaryClass   = "hep-ph",
      SLACcitation   = "%%CITATION = ARXIV:1607.08307;%%"
}

@article{An,
      author         = "An, Haipeng and Wang, Lian-Tao",
      title          = "{Opening up the compressed region of top squark searches
                        at 13 TeV LHC}",
      journal        = "Phys. Rev. Lett.",
      volume         = "115",
      year           = "2015",
      pages          = "181602",
      doi            = "10.1103/PhysRevLett.115.181602",
      eprint         = "1506.00653",
      archivePrefix  = "arXiv",
      primaryClass   = "hep-ph",
      reportNumber   = "CALT-TH-2015-028",
      SLACcitation   = "%%CITATION = ARXIV:1506.00653;%%"
}

@article{Macaluso,
      author         = "Macaluso, Sebastian and Park, Michael and Shih, David and
                        Tweedie, Brock",
      title          = "{Revealing Compressed Stops Using High-Momentum Recoils}",
      journal        = "JHEP",
      volume         = "03",
      year           = "2016",
      pages          = "151",
      doi            = "10.1007/JHEP03(2016)151",
      eprint         = "1506.07885",
      archivePrefix  = "arXiv",
      primaryClass   = "hep-ph",
      reportNumber   = "PITT-PACC-1508",
      SLACcitation   = "%%CITATION = ARXIV:1506.07885;%%"
}


@article{CLs1,
      author         = "Junk, Thomas",
      title          = "{Confidence level computation for combining searches with
                        small statistics}",
      journal        = "Nucl. Instrum. Meth.",
      volume         = "A434",
      year           = "1999",
      pages          = "435-443",
      doi            = "10.1016/S0168-9002(99)00498-2",
      eprint         = "hep-ex/9902006",
      archivePrefix  = "arXiv",
      primaryClass   = "hep-ex",
      reportNumber   = "CARLETON-OPAL-PHYS-99-01, CERN-EP-99-041",
      SLACcitation   = "%%CITATION = HEP-EX/9902006;%%"
}

  	
@article{CLs2,
  author={A L Read},
  title={Presentation of search results: the CL s technique},
  journal={Journal of Physics G: Nuclear and Particle Physics},
  volume={28},
  number={10},
  pages={2693},
  url={http://stacks.iop.org/0954-3899/28/i=10/a=313},
  year={2002},
}


@article{histFitter,
      author         = "Baak, M. and Besjes, G. J. and C$\hat{o}$te, D. and Koutsman, A.
                        and Lorenz, J. and Short, D.",
      title          = "{HistFitter software framework for statistical data
                        analysis}",
      journal        = "Eur. Phys. J.",
      volume         = "C75",
      year           = "2015",
      pages          = "153",
      doi            = "10.1140/epjc/s10052-015-3327-7",
      eprint         = "1410.1280",
      archivePrefix  = "arXiv",
      primaryClass   = "hep-ex",
      SLACcitation   = "%%CITATION = ARXIV:1410.1280;%%"
}


@article{likelihoodFit,
      author         = "Cowan, Glen and Cranmer, Kyle and Gross, Eilam and
                        Vitells, Ofer",
      title          = "{Asymptotic formulae for likelihood-based tests of new
                        physics}",
      journal        = "Eur. Phys. J.",
      volume         = "C71",
      year           = "2011",
      pages          = "1554",
      doi            = "10.1140/epjc/s10052-011-1554-0,
                        10.1140/epjc/s10052-013-2501-z",
      note           = "[Erratum: Eur. Phys. J.C73,2501(2013)]",
      eprint         = "1007.1727",
      archivePrefix  = "arXiv",
      primaryClass   = "physics.data-an",
      SLACcitation   = "%%CITATION = ARXIV:1007.1727;%%"
}

@article{Lumi7TeV,
      author         = "{ATLAS Collaboration}",
      title          = "{Improved luminosity determination in pp collisions at
                        sqrt(s) = 7 TeV using the ATLAS detector at the LHC}",
      journal        = "Eur. Phys. J.",
      volume         = "C73",
      year           = "2013",
      number         = "8",
      pages          = "2518",
      doi            = "10.1140/epjc/s10052-013-2518-3",
      eprint         = "1302.4393",
      archivePrefix  = "arXiv",
      primaryClass   = "hep-ex",
      reportNumber   = "CERN-PH-EP-2013-026",
      SLACcitation   = "%%CITATION = ARXIV:1302.4393;%%"
}

@article{Lumi8TeV,
      author         = "{ATLAS Collaboration}",
      title          = "{Luminosity determination in pp collisions at sqrt(s) = 8 TeV using the ATLAS detector at the LHC}",
      journal   = "to be submitted to Eur. Phys. J."
}

