@Article{DetectorPaper:2008,
         collaboration  = "ATLAS",
             title     = "{The ATLAS Experiment at the CERN Large Hadron Collider}",
             journal   = "JINST",
             volume    = "3",
             year      = "2008",
             pages     = "S08003",
             doi       = "10.1088/1748-0221/3/08/S08003",
}

%%%%%%%%%%%%%%%%%%%%%
% LHC %
%%%%%%%%%%%%%%%%%%%%%

@article{LHC,
      author         = "Evans, Lyndon and Bryant, Philip",
      editor         = "Evans, Lyndon",
      title          = "{LHC Machine}",
      journal        = "JINST",
      volume         = "3",
      pages          = "S08001",
      doi            = "10.1088/1748-0221/3/08/S08001",
      year           = "2008",
      SLACcitation   = "%%CITATION = JINST,3,S08001;%%",
    }

@article{accelerator,
	author        = "Cian O'Luanaigh",
	title         = "{The accelerator complex}",
	month         = "Jan",
	year          = "2012",
	url           = "http://cds.cern.ch/record/1997193",
}

@misc{acceleratorcomplexdiagram,
	author        = "De Melis, Cinzia",
	title         = "{The CERN accelerator complex. Complexe des
	accélérateurs du CERN}",
	month         = "Jan",
	year          = "2016",
	reportNumber  = "OPEN-PHO-ACCEL-2016-001",
	url           = "http://cds.cern.ch/record/2119882",
	note          = "General Photo",
}

@article{RFCavity,
	author        = "Cian O'Luanaigh",
	title         = "{Radiofrequency cavities}",
	month         = "Sep",
	year          = "2012",
	url           = "http://cds.cern.ch/record/1997424",
}

%%%%%%%%%%%%%%%%%%%%%
% ATLAS measurement %
%%%%%%%%%%%%%%%%%%%%%

%%%%%%%%%%%%%%%%%%%%%
% ATLAS performance %
%%%%%%%%%%%%%%%%%%%%%



@misc{triggeroptwiki,
	author         = "{ATLAS Collaboration}",
	title = "Trigger Operation Public Results.",
	url = "https://twiki.cern.ch/twiki/bin/view/AtlasPublic/TriggerOperationPublicResults"}
}

@techreport{triggerperf2015,
	author         = "{ATLAS Collaboration}",
	title         = "{2015 start-up trigger menu and initial performance
	assessment of the ATLAS trigger using Run-2 data}",
	institution   = "CERN",
	address       = "Geneva",
	number        = "ATL-DAQ-PUB-2016-001",
	month         = "Mar",
	year          = "2016",
	reportNumber  = "ATL-DAQ-PUB-2016-001",
	url           = "https://cds.cern.ch/record/2136007",
}

@Article{Weinberg:1975gm,
     author    = "Weinberg, S.",
     title     = "{Implications of Dynamical Symmetry Breaking}",
     journal   = "Phys. Rev.",
     volume    = "D 13",
     year      = "1976",
     pages     = "974-996",
     doi       = "10.1103/PhysRevD.13.974",
     SLACcitation  = "%%CITATION = PHRVA,D13,974;%%"
}

@book{green2010leading,
	title="At the Leading Edge: The ATLAS and CMS LHC Experiments",
	author="Green, D.",
	isbn="9789814277617",
	lccn="2009045137",
	year="2010",
	publisher="World Scientific"
}

@book{highptbook,
	title="High PT Physics at Hadron Colliders",
	author="Green, D.",
	isbn="0521835097",
	lccn="2004045198",
	year="2005",
	publisher="Cambridge University Press"
}

@inproceedings{Bethke:2000rw,
	author         = "Bethke, S.",
	title          = "{Standard model physics at LEP}",
	booktitle      = "{NATO Advanced Study Institute on Particle Production
	Spanning MeV and TeV Energies (Nijmegen 99) Nijmegen,
	Netherlands, August 8-20, 1999}",
	url            = "http://alice.cern.ch/format/showfull?sysnb=2168419",
	year           = "2000",
	eprint         = "hep-ex/0001023",
	archivePrefix  = "arXiv",
	primaryClass   = "hep-ex",
	reportNumber   = "MPI-PHE-2000-02",
	SLACcitation   = "%%CITATION = HEP-EX/0001023;%%"
}

@book{calorimetrybook,
	title="Calorimetry: Energy Measurement in Particle Physics",
	author="Wigmans, R",
	isbn="9780198502968",
	lccn="00061149",
	year="2000",
	publisher="Oxford University Pres"}
}

@conference{franklecture,
	author    = "Krauss, F.",
	title     = "QCD and Monte Carlo Event Generators",
	booktitle = "{TRISEP Summer School 2016}",
	year      = "2016",
	month    = "June",
}

@book{smprimer,
	author = {Burgess, Cliff and Moore, Guy},
	isbn = {0521860369},
	publisher = {{Cambridge University Press}},
	title = {{The Standard Model: A Primer}},
	year = {2007}
}

@article{susyprimer,
	author         = "Martin, Stephen P.",
	title          = "{A Supersymmetry primer: Version 7}",
	year           = "2016",
	doi            = "10.1142/9789812839657_0001, 10.1142/9789814307505_0001",
	note           = "[Adv. Ser. Direct. High Energy Phys.18,1(1998)]",
	eprint         = "hep-ph/9709356",
	archivePrefix  = "arXiv",
	primaryClass   = "hep-ph",
	reportNumber   = "FERMILAB-PUB-97-425-T",
	SLACcitation   = "%%CITATION = HEP-PH/9709356;%%"
}

@article{planckpaper,
	author         = "Planck collaboration",
	title          = "{Planck 2015 results. I. Overview of products and
	scientific results}",
	collaboration  = "Planck",
	year           = "2015",
	eprint         = "1502.01582",
	archivePrefix  = "arXiv",
	primaryClass   = "astro-ph.CO",
	SLACcitation   = "%%CITATION = ARXIV:1502.01582;%%"
}

@article{Weinberg:1988cp,
	author         = "Weinberg, Steven",
	title          = "{The Cosmological Constant Problem}",
	journal        = "Rev. Mod. Phys.",
	volume         = "61",
	year           = "1989",
	pages          = "1-23",
	doi            = "10.1103/RevModPhys.61.1",
	reportNumber   = "UTTG-12-88",
	SLACcitation   = "%%CITATION = RMPHA,61,1;%%"
}

@article{pdg,
	author         = "Olive, K. A. and others",
	title          = "{Review of Particle Physics}",
	collaboration  = "Particle Data Group",
	journal        = "Chin. Phys.",
	volume         = "C38",
	year           = "2014",
	pages          = "090001",
	doi            = "10.1088/1674-1137/38/9/090001",
	SLACcitation   = "%%CITATION = CHPHD,C38,090001;%%"
}

@article{bulletcluster,
	author = {Brownstein, J. R. and Moffat, J. W.}, 
	title = {The Bullet Cluster 1E0657-558 evidence shows modified gravity in the absence of dark matter},
	volume = {382}, 
	number = {1}, 
	pages = {29-47}, 
	year = {2007}, 
	doi = {10.1111/j.1365-2966.2007.12275.x}, 
	abstract ={A detailed analysis of the 2006 November 15 data release X-ray surface density Σ-map and the strong and weak gravitational lensing convergence κ-map for the Bullet Cluster 1E0657-558 is performed and the results are compared with the predictions of a modified gravity (MOG) and dark matter. Our surface density Σ-model is computed using a King β-model density, and a mass profile of the main cluster and an isothermal temperature profile are determined by the MOG. We find that the main cluster thermal profile is nearly isothermal. The MOG prediction of the isothermal temperature of the main cluster is T= 15.5 ± 3.9 keV, in good agreement with the experimental value T= 14.8+2.0−1.7 keV. Excellent fits to the 2D convergence κ-map data are obtained without non-baryonic dark matter, accounting for the 8σ spatial offset between the Σ-map and the κ-map reported in Clowe et al. The MOG prediction for the κ-map results in two baryonic components distributed across the Bullet Cluster 1E0657-558 with averaged mass fraction of 83 per cent intracluster medium (ICM) gas and 17 per cent galaxies. Conversely, the Newtonian dark matter κ-model has on average 76 per cent dark matter (neglecting the indeterminant contribution due to the galaxies) and 24 per cent ICM gas for a baryon to dark matter mass fraction of 0.32, a statistically significant result when compared to the predicted Λ-cold dark matter cosmological baryon mass fraction of 0.176+0.019−0.012.}, 
	URL = {http://mnras.oxfordjournals.org/content/382/1/29.abstract}, 
	eprint = {http://mnras.oxfordjournals.org/content/382/1/29.full.pdf+html}, 
	journal = {Monthly Notices of the Royal Astronomical Society} 
}

@article{Randall:2007ph,
	author         = "Randall, Scott W. and Markevitch, Maxim and Clowe,
	Douglas and Gonzalez, Anthony H. and Bradac, Marusa",
	title          = "{Constraints on the Self-Interaction Cross-Section of
	Dark Matter from Numerical Simulations of the Merging
	Galaxy Cluster 1E 0657-56}",
	journal        = "Astrophys. J.",
	volume         = "679",
	year           = "2008",
	pages          = "1173-1180",
	doi            = "10.1086/587859",
	eprint         = "0704.0261",
	archivePrefix  = "arXiv",
	primaryClass   = "astro-ph",
	SLACcitation   = "%%CITATION = ARXIV:0704.0261;%%"
}

@article{Kahlhoefer:2013dca,
	author         = "Kahlhoefer, Felix and Schmidt-Hoberg, Kai and Frandsen,
	Mads T. and Sarkar, Subir",
	title          = "{Colliding clusters and dark matter self-interactions}",
	journal        = "Mon. Not. Roy. Astron. Soc.",
	volume         = "437",
	year           = "2014",
	number         = "3",
	pages          = "2865-2881",
	doi            = "10.1093/mnras/stt2097",
	eprint         = "1308.3419",
	archivePrefix  = "arXiv",
	primaryClass   = "astro-ph.CO",
	reportNumber   = "CERN-PH-TH-2013-194, NSF-KITP-13-140,
	CP3-ORIGINS-2013-029-DNRF90, --DIAS-2013-29, OUTP-13-14P",
	SLACcitation   = "%%CITATION = ARXIV:1308.3419;%%"
}

@book{weinberg2000quantum,
	title={The Quantum Theory of Fields},
	author={Weinberg, S.},
	number={v. 2-3},
	isbn={9780521660006},
	series={Quantum theory of fields},
	url={https://books.google.com/books?id=Mqj6bCJd9MQC},
	year={2000},
	publisher={Cambridge University Press}
}

@conference{borislecture,
	author    = "Kayser, Boris",
	title     = "Neutrino Physics",
	booktitle = "{TRISEP Summer School 2016}",
	year      = "2016",
	month    = "June",
}

@conference{cowenlecture,
	author    = "Cowen, Glen",
	title     = "Statistical Methods for Particle Physics",
	booktitle = "{TRISEP Summer School 2016}",
	year      = "2016",
	month    = "June",
}

@conference{whitesonlecture,
	author    = "Whiteson, Daniel",
	title     = "Practical Statistics for Particle Physics",
	booktitle = "{HCPSS 2014}",
	year      = "2014",
	month    = "August",
}

@inproceedings{Kazakov:2000ra,
      author         = "Kazakov, D. I.",
      title          = "{Beyond the standard model: In search of supersymmetry}",
      booktitle      = "{2000 European School of high-energy physics, Caramulo,
                        Portugal, 20 Aug-2 Sep 2000: Proceedings}",
      url            = "http://alice.cern.ch/format/showfull?sysnb=2235897",
      year           = "2000",
      pages          = "125-199",
      eprint         = "hep-ph/0012288",
      archivePrefix  = "arXiv",
      primaryClass   = "hep-ph",
      SLACcitation   = "%%CITATION = HEP-PH/0012288;%%"
}

@conference{rizzossi2012,
	author    = "Rizzo,  Thomas G.",
	title     = "{The Zoo of BSM Physics at the LHC}",
	booktitle = "{The 40th SLAC Summer Institute}",
	year      = "2012",
	month    = "August",
}

@techreport{2016conf,
	author         = "ATLAS collaboration",
	title         = "{Search for the Supersymmetric Partner of the Top Quark in
	the Jets+Emiss Final State at sqrt(s) = 13 TeV}",
	institution   = "CERN",
	collaboration = "ATLAS Collaboration",
	address       = "Geneva",
	number        = "ATLAS-CONF-2016-077",
	month         = "Aug",
	year          = "2016",
	reportNumber  = "ATLAS-CONF-2016-077",
	url           = "https://cds.cern.ch/record/2206250",
}

@article{simplifiedmodel,
	author         = "Alwall, Johan and Schuster, Philip and Toro, Natalia",
	title          = "{Simplified Models for a First Characterization of New
	Physics at the LHC}",
	journal        = "Phys. Rev.",
	volume         = "D79",
	year           = "2009",
	pages          = "075020",
	doi            = "10.1103/PhysRevD.79.075020",
	eprint         = "0810.3921",
	archivePrefix  = "arXiv",
	primaryClass   = "hep-ph",
	reportNumber   = "SLAC-PUB-13425, SU-ITP-08-24",
	SLACcitation   = "%%CITATION = ARXIV:0810.3921;%%"
}

@article{pmssmtheorypaper,
	author         = "Berger, Carola F. and Gainer, James S. and Hewett, JoAnne
	L. and Rizzo, Thomas G.",
	title          = "{Supersymmetry Without Prejudice}",
	journal        = "JHEP",
	volume         = "02",
	year           = "2009",
	pages          = "023",
	doi            = "10.1088/1126-6708/2009/02/023",
	eprint         = "0812.0980",
	archivePrefix  = "arXiv",
	primaryClass   = "hep-ph",
	reportNumber   = "MIT-CTP-3988, SLAC-PUB-13388",
	SLACcitation   = "%%CITATION = ARXIV:0812.0980;%%"
}

@inproceedings{yuvalflavorlecture,
      author         = "Grossman, Yuval",
      title          = "{Introduction to flavor physics}",
      booktitle      = "{Flavianet School on Flavour Physics Karlsruhe, Germany,
                        September 7-18, 2009}",
      year           = "2014",
      url            = "https://inspirehep.net/record/858514/files/arXiv:1006.3534.pdf",
      pages          = "111-144",
      doi            = "10.5170/CERN-2010-002.111, 10.5170/CERN-2014-003.73",
      note           = "[,73(2014)]",
      eprint         = "1006.3534",
      archivePrefix  = "arXiv",
      primaryClass   = "hep-ph",
      SLACcitation   = "%%CITATION = ARXIV:1006.3534;%%"
}

@article{kalmanfilter,
	title = "Application of Kalman filtering to track and vertex fitting",
	journal = "Nuclear Instruments and Methods in Physics Research Section A: Accelerators, Spectrometers, Detectors and Associated Equipment",
	volume = "262",
	number = "2",
	pages = "444 - 450",
	year = "1987",
	note = "",
	issn = "0168-9002",
	doi = "http://dx.doi.org/10.1016/0168-9002(87)90887-4",
	url = "http://www.sciencedirect.com/science/article/pii/0168900287908874",
	author = "R. Frühwirth",	
}

@article{siscone,
	author         = "Salam, Gavin P. and Soyez, Gregory",
	title          = "{A Practical Seedless Infrared-Safe Cone jet algorithm}",
	journal        = "JHEP",
	volume         = "05",
	year           = "2007",
	pages          = "086",
	doi            = "10.1088/1126-6708/2007/05/086",
	eprint         = "0704.0292",
	archivePrefix  = "arXiv",
	primaryClass   = "hep-ph",
	SLACcitation   = "%%CITATION = ARXIV:0704.0292;%%"
}

@article{kt,
	author         = "Ellis, Stephen D. and Soper, Davison E.",
	title          = "{Successive combination jet algorithm for hadron
	collisions}",
	journal        = "Phys. Rev.",
	volume         = "D48",
	year           = "1993",
	pages          = "3160-3166",
	doi            = "10.1103/PhysRevD.48.3160",
	eprint         = "hep-ph/9305266",
	archivePrefix  = "arXiv",
	primaryClass   = "hep-ph",
	reportNumber   = "CERN-TH-6860-93",
	SLACcitation   = "%%CITATION = HEP-PH/9305266;%%"
}

@article{ca,
	author         = "Dokshitzer, Yuri L. and Leder, G. D. and Moretti, S. and
	Webber, B. R.",
	title          = "{Better jet clustering algorithms}",
	journal        = "JHEP",
	volume         = "08",
	year           = "1997",
	pages          = "001",
	doi            = "10.1088/1126-6708/1997/08/001",
	eprint         = "hep-ph/9707323",
	archivePrefix  = "arXiv",
	primaryClass   = "hep-ph",
	reportNumber   = "CAVENDISH-HEP-97-06",
	SLACcitation   = "%%CITATION = HEP-PH/9707323;%%"
}

@article{fastjet1,
      author         = "Cacciari, Matteo and Salam, Gavin P.",
      title          = "{Dispelling the $N^{3}$ myth for the $k_t$ jet-finder}",
      journal        = "Phys. Lett.",
      volume         = "B641",
      year           = "2006",
      pages          = "57-61",
      doi            = "10.1016/j.physletb.2006.08.037",
      eprint         = "hep-ph/0512210",
      archivePrefix  = "arXiv",
      primaryClass   = "hep-ph",
      reportNumber   = "LPTHE-05-32",
      SLACcitation   = "%%CITATION = HEP-PH/0512210;%%"
}

@article{fastjet2,
      author         = "Cacciari, Matteo and Salam, Gavin P. and Soyez, Gregory",
      title          = "{FastJet User Manual}",
      journal        = "Eur. Phys. J.",
      volume         = "C72",
      year           = "2012",
      pages          = "1896",
      doi            = "10.1140/epjc/s10052-012-1896-2",
      eprint         = "1111.6097",
      archivePrefix  = "arXiv",
      primaryClass   = "hep-ph",
      reportNumber   = "CERN-PH-TH-2011-297",
      SLACcitation   = "%%CITATION = ARXIV:1111.6097;%%"
}

%ATLAS paper are in ATLAS.bib
@Article{cmshiggsdiscovery,
	author         = "{CMS Collaboration}",
	title          = "{Observation of a new boson at a mass of 125 GeV with the CMS experiment at the LHC}",
	journal        = "Phys. Lett. B",
	volume         = "716",
	year           = "2012",
	pages          = "30",
	doi            = "10.1016/j.physletb.2012.08.021",
	reportNumber   = "CERN-PH-EP-2012-220",
	eprint         = "1207.7235",
	archivePrefix  = "arXiv",
	primaryClass   = "hep-ex",
}

@article{tikz-feynman,
	author         = "Ellis, Joshua",
	title          = "{TikZ-Feynman: Feynman diagrams with TikZ}",
	year           = "2016",
	eprint         = "1601.05437",
	archivePrefix  = "arXiv",
	primaryClass   = "hep-ph",
	SLACcitation   = "%%CITATION = ARXIV:1601.05437;%%"
}

@article{topocluster,
	author		   = "ATLAS Collaboration",
	title          = "{Topological cell clustering in the ATLAS calorimeters
	and its performance in LHC Run 1}",
	collaboration  = "ATLAS",
	year           = "2016",
	eprint         = "1603.02934",
	archivePrefix  = "arXiv",
	primaryClass   = "hep-ex",
	reportNumber   = "CERN-PH-EP-2015-304",
	SLACcitation   = "%%CITATION = ARXIV:1603.02934;%%"
}

@article{ATLAS-TDR-19,
	author        = "Capeans, M and Darbo, G and Einsweiller, K and Elsing, M
	and Flick, T and Garcia-Sciveres, M and Gemme, C and
	Pernegger, H and Rohne, O and Vuillermet, R",
	title         = "{ATLAS Insertable B-Layer Technical Design Report}",
	number        = "CERN-LHCC-2010-013. ATLAS-TDR-19",
	month         = "Sep",
	year          = "2010",
	reportNumber  = "CERN-LHCC-2010-013",
	url           = "http://cds.cern.ch/record/1291633",
}

@techreport{ATL-COM-INDET-2015-041,
      author        = {{ATLAS collaboration}},
      title         = "{TRT performance in Run 1}",
      institution   = "CERN",
      address       = "Geneva",
      number        = "ATL-COM-INDET-2015-041",
      month         = "Jun",
      year          = "2015",
      reportNumber  = "ATL-COM-INDET-2015-041",
      url           = "https://cds.cern.ch/record/2021497",
}

@techreport{ATLAS-CONF-2012-042,
	author         = "ATLAS collaboration",
	title         = "{Performance of the ATLAS Inner Detector Track and Vertex
	Reconstruction in the High Pile-Up LHC Environment}",
	institution   = "CERN",
	collaboration = "ATLAS Collaboration",
	address       = "Geneva",
	number        = "ATLAS-CONF-2012-042",
	month         = "Mar",
	year          = "2012",
	reportNumber  = "ATLAS-CONF-2012-042",
	url           = "http://cds.cern.ch/record/1435196",
}

@techreport{ATL-PHYS-PUB-2015-006,
	author         = "ATLAS collaboration",
	title         = "{The Optimization of ATLAS Track Reconstruction in Dense
	Environments}",
	institution   = "CERN",
	address       = "Geneva",
	number        = "ATL-PHYS-PUB-2015-006",
	month         = "Mar",
	year          = "2015",
	reportNumber  = "ATL-PHYS-PUB-2015-006",
	url           = "https://cds.cern.ch/record/2002609",
}

@techreport{jvfdiagram,
	author        = "Miller, D W and Schwartzman, A and Su, D",
	title         = "{Pile-up jet energy scale corrections using the jet-vertex
	fraction method}",
	institution   = "CERN",
	address       = "Geneva",
	number        = "ATL-PHYS-INT-2009-090",
	month         = "Sep",
	year          = "2009",
	reportNumber  = "ATL-PHYS-INT-2009-090",
	url           = "https://cds.cern.ch/record/1206864",
}

@article{originaljvf,
	author         = "D0 collaboration",
	title          = "{Measurement of the $p \bar{p} \to t \bar{t}$ production
	cross section at $\sqrt{s}$ = 1.96-TeV in the fully
	hadronic decay channel.}",
	collaboration  = "D0 collaboration",
	journal        = "Phys. Rev.",
	volume         = "D76",
	year           = "2007",
	pages          = "072007",
	doi            = "10.1103/PhysRevD.76.072007",
	eprint         = "hep-ex/0612040",
	archivePrefix  = "arXiv",
	primaryClass   = "hep-ex",
	reportNumber   = "FERMILAB-PUB-06-426-E",
	SLACcitation   = "%%CITATION = HEP-EX/0612040;%%"
}

@ONLINE{pp_collision_ttH:NBartosik,
	title = {MC simulation of a pp collision},
	author = {Nazar Bartosik},
	year = {2016},
	month = {Jul},
	url = {http://bartosik.pp.ua/hep_sketches/pp_collision_ttH}
}

@ONLINE{event_simulation:NBartosik,
	title = {Event simulation in HEP experiments},
	author = {Nazar Bartosik},
	year = {2016},
	month = {Jul},
	url = {http://bartosik.pp.ua/hep_sketches/event_simulation}
}

@ONLINE{tt_decay_channels:NBartosik,
	title = {tt decay channels},
	author = {Nazar Bartosik},
	year = {2016},
	month = {Jun},
	url = {http://bartosik.pp.ua/hep_sketches/tt_decay_channels}
}

@ONLINE{btagging:NBartosik,
	title = {b-jet tagging},
	author = {Nazar Bartosik},
	year = {2016},
	month = {Jun},
	url = {http://bartosik.pp.ua/hep_sketches/btagging}
}

@article{btagrun1,
	author         = "ATLAS Collaboration",
	title          = "{Performance of $b$-Jet Identification in the ATLAS
	Experiment}",
	collaboration  = "ATLAS",
	journal        = "JINST",
	volume         = "11",
	year           = "2016",
	number         = "04",
	pages          = "P04008",
	doi            = "10.1088/1748-0221/11/04/P04008",
	eprint         = "1512.01094",
	archivePrefix  = "arXiv",
	primaryClass   = "hep-ex",
	reportNumber   = "CERN-PH-EP-2015-216",
	SLACcitation   = "%%CITATION = ARXIV:1512.01094;%%"
}

@Booklet{ATLAS-CONF-2014-032,
	author         = "{ATLAS Collaboration}",
	title          = "{Electron efficiency measurements with the ATLAS detector using the 2012 LHC proton--proton collision data}",
	howpublished   = "{ATLAS-CONF-2014-032}",
	url            = "https://cds.cern.ch/record/1706245",
	year           = "2014",
}

@techreport{ATLAS-CONF-2016-024,
	author         = "ATLAS collaboration",
	title         = "{Electron efficiency measurements with the ATLAS detector
	using the 2015 LHC proton-proton collision data}",
	institution   = "CERN",
	collaboration = "ATLAS Collaboration",
	address       = "Geneva",
	number        = "ATLAS-CONF-2016-024",
	month         = "Jun",
	year          = "2016",
	reportNumber  = "ATLAS-CONF-2016-024",
	url           = "http://cds.cern.ch/record/2157687",
}

@techreport{slidingwindow,
	author        = "Lampl, W and Laplace, S and Lelas, D and Loch, P and Ma, H
	and Menke, S and Rajagopalan, S and Rousseau, D and Snyder,
	S and Unal, G",
	title         = "{Calorimeter Clustering Algorithms: Description and
	Performance}",
	institution   = "CERN",
	address       = "Geneva",
	number        = "ATL-LARG-PUB-2008-002. ATL-COM-LARG-2008-003",
	month         = "Apr",
	year          = "2008",
	reportNumber  = "ATL-LARG-PUB-2008-002",
	url           = "https://cds.cern.ch/record/1099735",
}

@techreport{ATL-PHYS-PUB-2016-014,
	author = "ATLAS Collaboration",
	title         = "{Photon identification in 2015 ATLAS data}",
	institution   = "CERN",
	collaboration = "ATLAS Collaboration",
	address       = "Geneva",
	number        = "ATL-PHYS-PUB-2016-014",
	month         = "Aug",
	year          = "2016",
	reportNumber  = "ATL-PHYS-PUB-2016-014",
	url           = "http://cds.cern.ch/record/2203125",
}

@article{hough,
	title = "A survey of the hough transform",
	journal = "Computer Vision, Graphics, and Image Processing",
	volume = "44",
	number = "1",
	pages = "87 - 116",
	year = "1988",
	note = "",
	issn = "0734-189X",
	doi = "http://dx.doi.org/10.1016/S0734-189X(88)80033-1",
	url = "http://www.sciencedirect.com/science/article/pii/S0734189X88800331",
	author = "J. Illingworth and J. Kittler",
	abstract = "We present a comprehensive review of the Hough transform, HT, in image processing and computer vision. It has long been recognized as a technique of almost unique promise for shape and motion analysis in images containing noisy, missing, and extraneous data but its adoption has been slow due to its computational and storage complexity and the lack of a detailed understanding of its properties. However, in recent years much progress has been made in these areas. In this review we discuss ideas for the efficient implementation of the HT and present results on the analytic and empirical performance of various methods. We also report the relationship of Hough methods and other transforms and consider applications in which the HT has been used. It seems likely that the HT will be an increasingly used technique and we hope that this survey will provide a useful guide to quickly acquaint researchers with the main literature in this research area."
}

@techreport{metrun2,
	author		  = {{ATLAS Collaboration}},
	title         = "{Expected performance of missing transverse momentum
	reconstruction for the ATLAS detector at $\sqrt{s}=
	13~\text{TeV}$}",
	institution   = "CERN",
	address       = "Geneva",
	number        = "ATL-PHYS-PUB-2015-023",
	month         = "Jul",
	year          = "2015",
	reportNumber  = "ATL-PHYS-PUB-2015-023",
	url           = "http://cds.cern.ch/record/2037700",
}

@article{Borschensky:2014cia,
	author         = "Borschensky, Christoph and Krämer, Michael and Kulesza,
	Anna and Mangano, Michelangelo and Padhi, Sanjay and
	Plehn, Tilman and Portell, Xavier",
	title          = "{Squark and gluino production cross sections in pp
	collisions at $\sqrt{s}$ = 13, 14, 33 and 100 TeV}",
	journal        = "Eur. Phys. J.",
	volume         = "C74",
	year           = "2014",
	number         = "12",
	pages          = "3174",
	doi            = "10.1140/epjc/s10052-014-3174-y",
	eprint         = "1407.5066",
	archivePrefix  = "arXiv",
	primaryClass   = "hep-ph",
	reportNumber   = "MS-TP-14-25, CERN-PH-TH-2014-137, TTK-14-13",
	SLACcitation   = "%%CITATION = ARXIV:1407.5066;%%"
}

@ONLINE{atlassmsummaryplots,
	title = {Summary plots from the ATLAS Standard Model physics group},
	author = {{ATLAS Collaboration}},
	year = {2016},
	month = {August},
	url = {https://atlas.web.cern.ch/Atlas/GROUPS/PHYSICS/CombinedSummaryPlots/SM/index.html#ATLAS_b_SMSummary_FiducialXsect}
}

@article{Papucci:2011,
	author         = "Papucci, Michele and Ruderman, Joshua T. and Weiler,
	Andreas",
	title          = "{Natural SUSY Endures}",
	journal        = "JHEP",
	volume         = "09",
	year           = "2012",
	pages          = "035",
	doi            = "10.1007/JHEP09(2012)035",
	eprint         = "1110.6926",
	archivePrefix  = "arXiv",
	primaryClass   = "hep-ph",
	reportNumber   = "DESY-11-193, CERN-PH-TH-265",
	SLACcitation   = "%%CITATION = ARXIV:1110.6926;%%"
}